@book{radarhandbook,
	author		= {Skolnik, Merrill Ivan},
	title		= {Radar Handbook},
	edition		= {3},
	address		= {New York ; London },
	publisher	= {McGraw-Hill},
	year		= {2008},
	language	= {English},
	isbn		= {978-0-07-148547-0},
	abstract	= {Covering the entire scope of the field - from basic theory to real world applications - this trusted resource offers the unmatched expertise of more than 30 world leaders in every major area of radar technology.},
	url			= {http://www.loc.gov/catdir/enhancements/fy0808/2007052691-t.html},
	urldate		= {2018/11/29},
}

@book{radarsystems,
	author		= {Skolnik, Merrill Ivan},
	title		= {Introduction to Radar Systems},
	edition		= {3},
	publisher	= {McGraw Hill},
	year		= {2001},
	language	= {English},
	isbn		= {0-07-044533-8},
	urldate		= {http://www.loc.gov/catdir/toc/mh021/00034879.html},
	urldate		= {2018/11/29},
}

@phdthesis{davis2015mimo,
	title		= {MIMO radar: signal processing, waveform design, and applications to synthetic aperture imaging},
	author		= {Davis, Michael Scott},
	year		= {2015},
	institution	= {Georgia Institute of Technology}
}

@phdthesis{li2018mimo,
	title		= {Advances and New Opportunities in MIMO Radar},
	subtitle	= {Theoretical Analysis and Algorithms},
	author		= {Yongzhe Li},
	year		= {2018},
	institution	= {Aalto University},
}

% O professor linkou este site nas aulas
@online{radartutorial
	title		= {Radar Tutorial - MIMO Radar Systems},
	publisher	={Christian Wolff},
	url			= {http://www.radartutorial.eu/02.basics/MIMO-radar.en.html},
	urldate		= {2018/12/02},
}