@book{corke,
  title={Design of aircraft},
  author={Corke, Thomas C},
  year={2003},
  publisher={Prentice Hall Englewood Cliffs, NJ}
}

@thesis{hansen,
    title={Magnetic Signature Characterization of a Fixed-Wing Vertical Take-off and Landing (VTOL) Unmanned Aircraft Vehicle (UAV)},
    author={Hansen, Cody},
    year={2018},
    type={masterthesis},
    institution={},
}

@online{Alti,
  title = {ALTI Transition - VTOL fixed wing unmanned aircraft},
  url = {https://www.altiuas.com/},
}
