@online{swantennas,
	title			= {Introduction to the Basics of MIMO Communication Technology},
	organization	= {Southwest Antennas},
	url				= {https://www.southwestantennas.com/articles/general-product-information/introduction-basics-mimo-communication-technology},
	year			= {2016},
	urldate			= {2018-12-1}
}
